@book{PLC,
	author = "Peter Sestoft",
	title = "Programming Language Concepts",
	publisher = "Springer",
	year = "2012",
}

@book{BCD,
	author = "Torben Mogensen",
	title = "Basics of Compiler Design",
	publisher = "DIKU",
	year = "2010",
	pages = "9--111",
}

@misc{website:wasm-semantics,
	author = "The WebAssembly working group",
	title = {{Semantics - WebAssembly}},
	howpublished = "http://webassembly.org/docs/semantics/",
	note = {Online; accessed 3 May 2017},
}

@misc{website:wasm-binary-encoding,
	author = "The WebAssembly working group",
	title = {{Binary Encoding - WebAssembly}},
	howpublished = "http://webassembly.org/docs/binary-encoding/",
	note = {Online; accessed 3 May 2017},
}

@misc{website:wasm-webassembly-high-level-goals,
	author = "The WebAssembly working group",
	title = {{WebAssembly High-Level Goals - WebAssembly}},
	howpublished = "http://webassembly.org/docs/high-level-goals/",
	note = {Online; accessed 13 May 2017},
}

@misc{video:samuel-how-wasm-talk,
	author = "Seth Samuel (airtime Software Engineer)",
	title = {{How Webassembly Will Change the Way You Write Javascript}},
	publisher = "EmpireNode Conference",
	howpublished = "https://www.youtube.com/watch?v=kq2HBddiyh0",
	year = "2016",
	note = {Online, YouTube Video; accessed 4 May 2017},
}

@misc{video:thompson-js-perf-v8-and-wasm,
	author = "Seth Thompson (Google Associate Product Manager)",
	title = {{Advanced JS performance with V8 and Web Assembly}},
	publisher = "Chrome Dev Summit",
	howpublished = "https://www.youtube.com/watch?v=PvZdTZ1Nl5o",
	year = "2016",
	note = {Online, YouTube Video; accessed 4 May 2017},
}

@misc{slides:lund-v8,
	author = "Kasper Lund (Google Software Engineer)",
	title = {{V8: An Open-Source, High-Performance JavaScript Engine}},
	howpublished = "http://www.slideserve.com/oriana/v8-an-open-source-high-performance-javascript-engine",
	year = "2008",
	note = {Online, Slideshow; accessed 4 May 2017},
}
