@book{PLC,
	author = "Peter Sestoft",
	title = "Programming Language Concepts",
	publisher = "Springer",
	year = "2012",
}

@book{BCD,
	author = "Torben Mogensen",
	title = "Basics of Compiler Design",
	publisher = "DIKU",
	year = "2010",
	pages = "9--111",
}

@misc{website:wasm-semantics,
	author = "The WebAssembly working group",
	title = {{Semantics - WebAssembly}},
	url = "http://webassembly.org/docs/semantics/",
	note = {Online; accessed 3 May 2017},
}

@misc{website:wasm-binary,
	author = "The WebAssembly working group",
	title = {{Binary Encoding - WebAssembly}},
	url = "http://webassembly.org/docs/binary-encoding/",
	note = {Online; accessed 3 May 2017},
}
